%YAML 1.1
%TAG !u! tag:unity3d.com,2011:
--- !u!1 &1429668139807862
GameObject:
  m_ObjectHideFlags: 0
  m_CorrespondingSourceObject: {fileID: 0}
  m_PrefabInstance: {fileID: 0}
  m_PrefabAsset: {fileID: 0}
  serializedVersion: 6
  m_Component:
  - component: {fileID: 4478224957710902}
  - component: {fileID: 33077322262395542}
  - component: {fileID: 114218780045060062}
  - component: {fileID: 23211376436977814}
  - component: {fileID: 114435074028990168}
  - component: {fileID: 208290009523636848}
  - component: {fileID: 114050759457914534}
  - component: {fileID: -5444523395209244359}
  - component: {fileID: -6140569494321764352}
  m_Layer: 0
  m_Name: Tower
  m_TagString: Untagged
  m_Icon: {fileID: 0}
  m_NavMeshLayer: 0
  m_StaticEditorFlags: 0
  m_IsActive: 1
--- !u!4 &4478224957710902
Transform:
  m_ObjectHideFlags: 0
  m_CorrespondingSourceObject: {fileID: 0}
  m_PrefabInstance: {fileID: 0}
  m_PrefabAsset: {fileID: 0}
  m_GameObject: {fileID: 1429668139807862}
  m_LocalRotation: {x: 0, y: 0, z: 0, w: 1}
  m_LocalPosition: {x: 0, y: 0, z: 0}
  m_LocalScale: {x: 1, y: 1, z: 1}
  m_Children:
  - {fileID: 4368656749216364}
  m_Father: {fileID: 0}
  m_RootOrder: 0
  m_LocalEulerAnglesHint: {x: 0, y: 0, z: 0}
--- !u!33 &33077322262395542
MeshFilter:
  m_ObjectHideFlags: 0
  m_CorrespondingSourceObject: {fileID: 0}
  m_PrefabInstance: {fileID: 0}
  m_PrefabAsset: {fileID: 0}
  m_GameObject: {fileID: 1429668139807862}
  m_Mesh: {fileID: 4300000, guid: 756fa090dc6f8416881c4982baa6dd7b, type: 2}
--- !u!114 &114218780045060062
MonoBehaviour:
  m_ObjectHideFlags: 0
  m_CorrespondingSourceObject: {fileID: 0}
  m_PrefabInstance: {fileID: 0}
  m_PrefabAsset: {fileID: 0}
  m_GameObject: {fileID: 1429668139807862}
  m_Enabled: 1
  m_EditorHideFlags: 0
  m_Script: {fileID: 11500000, guid: 06859283699884b77830a1f6f36f46c4, type: 3}
  m_Name: 
  m_EditorClassIdentifier: 
  buildTime: 20
  isBuilding: 1
  isArcher: 1
  isWizzard: 0
  arrow: {fileID: 107246, guid: 608508013f96d4f4b9e42588665ab3aa, type: 3}
  arrowOffset: {x: 0, y: 0, z: 0}
  velArrow: 20
  hasBullets: 0
  isWorker: 0
  searchDistance: 30
  maxAttackers: 50
  stopDistOut: 2.5
  critFailedR: 7
  attackWaiter: 2
  attackDelay: 1.5
  damageCoolDownTime: 0.4
  damageCoolDownMin: 1
  damageCoolDownMax: 4
  health: 200
  maxHealth: 1500
  selfHealFactor: 1
  strength: 20
  defence: 200
  attackSounds: []
  deathSounds: []
  maxDeathCalls: 5
  rEnclosed: 4
  unitCenter: {x: 0, y: 0, z: 0}
  unitSize: 4
  unitName: Tower
  levelNames:
  - life points
  - attack
  - defence
  - building
  - wood cutting
  - resource collection
  levelExpTimeGain:
  - {x: 0, y: 0.5}
  - {x: 0, y: 0.1}
  - {x: 0, y: 0.1}
  - {x: 0, y: 0.5}
  - {x: 0, y: 0.1}
  - {x: 0, y: 0.1}
  totalLevel: 0
  maxFailPath: 10
  maxFakePathCount: 2
  buildSequenceMeshMode: 1
  buildSequenceMeshes:
  - {fileID: 4300000, guid: 8f57646ccfdd94b07b149874e9de75c9, type: 2}
  - {fileID: 4300000, guid: f0b5a6a5423cd4b2b83adbd5f5f70be0, type: 2}
  - {fileID: 4300000, guid: 3b46ca7546961417cac25dccdead34c2, type: 2}
  - {fileID: 4300000, guid: a75ec03705bc346d1a3e1bf96aeb76cb, type: 2}
  - {fileID: 4300000, guid: 1b8c652762f244ccc85cdb977c8b22b8, type: 2}
  - {fileID: 4300000, guid: 36f4ccbce9c1541b4b85315362f3e3fd, type: 2}
  - {fileID: 4300000, guid: 9227d1ed68b1543488718a0a091022a5, type: 2}
  - {fileID: 4300000, guid: 025246f4be1c14a49bf20e303349905d, type: 2}
  - {fileID: 4300000, guid: 88da63877d10d469ca7932f41e42a0f6, type: 2}
  - {fileID: 4300000, guid: 6aea029f2acf341d9ac036e4ab8be8b3, type: 2}
  - {fileID: 4300000, guid: ee7c9a2add9954a3fa9ad33d2c4eddcf, type: 2}
  - {fileID: 4300000, guid: 1b0d5ac1c82c046b5b2117ba51dc6a76, type: 2}
  - {fileID: 4300000, guid: 10157a882475b40a8b406dbbe869013e, type: 2}
  - {fileID: 4300000, guid: 0fcfa55c14d7b40deac13792f54aa8d6, type: 2}
  - {fileID: 4300000, guid: 77709108546d346ec813f67b0d5a5ddd, type: 2}
  - {fileID: 4300000, guid: f9a96173d10044ed28feba1547baeb77, type: 2}
  - {fileID: 4300000, guid: 98f7521a25e6e49f5a08a585bf32e8f3, type: 2}
  - {fileID: 4300000, guid: 92c3e17ad7fcf44f0b75512134839091, type: 2}
  - {fileID: 4300000, guid: 1faa78277fae74a639d30f66b19734a3, type: 2}
  - {fileID: 4300000, guid: 3879fbb00457e49b299077b03da9ae56, type: 2}
  - {fileID: 4300000, guid: 756fa090dc6f8416881c4982baa6dd7b, type: 2}
  buildSequencePrefabs: []
  destroySequenceMeshMode: 1
  destroySequenceMeshes:
  - {fileID: 4300000, guid: 756fa090dc6f8416881c4982baa6dd7b, type: 2}
  - {fileID: 4300000, guid: 6cd33b293b83348c28df0e4aedbea0eb, type: 2}
  - {fileID: 4300000, guid: ff878f0269e664ea2a79923cc727d32d, type: 2}
  - {fileID: 4300000, guid: b800d1d5ee6bb49d691de9e9f7579507, type: 2}
  - {fileID: 4300000, guid: ad66eb3dda7e345ffb93705b3db7c340, type: 2}
  - {fileID: 4300000, guid: ce8302a0461dd46c68b2dc9e669e7ffa, type: 2}
  - {fileID: 4300000, guid: 53fa0f80b45e5499d815c9f5b2b7b1a0, type: 2}
  - {fileID: 4300000, guid: 2d608ef8c10ff4e3e966e9689761a87e, type: 2}
  - {fileID: 4300000, guid: a61cabb0397384268944d7a7fa17628c, type: 2}
  - {fileID: 4300000, guid: 468619f9e9a3b4bd894101e77cbfc099, type: 2}
  - {fileID: 4300000, guid: 6ce057160c21a493eb600437f5816ce5, type: 2}
  - {fileID: 4300000, guid: 60a694c45920a432f89c6403c208398b, type: 2}
  - {fileID: 4300000, guid: 3cdc5808f5c794d6884588123a2a5278, type: 2}
  - {fileID: 4300000, guid: 5c9b4171879314df59e965aa808eb7c1, type: 2}
  - {fileID: 4300000, guid: 21a0117458ad94bf2857f2f685539eb3, type: 2}
  - {fileID: 4300000, guid: efedf1733136b48e2b67cae8f03a9a2e, type: 2}
  - {fileID: 4300000, guid: b4625180336924eeeab2ae7a1e350152, type: 2}
  - {fileID: 4300000, guid: 619d7639c524d441bb26e80da0d6a030, type: 2}
  - {fileID: 4300000, guid: ccd31448346fb472897786db1f994646, type: 2}
  - {fileID: 4300000, guid: 4fce1b6134cf549e08d1cd56a096bf9e, type: 2}
  - {fileID: 4300000, guid: bf24bb33c82674e63ada02790f991958, type: 2}
  destroySequencePrefabs: []
  smokes: []
  smokeMinUpdateTime: 3
  smokeMaxUpdateTime: 9
  costs:
  - name: Iron
    amount: 30
  - name: Gold
    amount: 80
  - name: Lumber
    amount: 180
  - name: Population
    amount: 4
  buildSequenceMeshesPath: RTSToolkit/Models/Buildings/Tower/
  destroySequenceMeshesPath: RTSToolkit/Models/Buildings/Tower/
--- !u!23 &23211376436977814
MeshRenderer:
  m_ObjectHideFlags: 0
  m_CorrespondingSourceObject: {fileID: 0}
  m_PrefabInstance: {fileID: 0}
  m_PrefabAsset: {fileID: 0}
  m_GameObject: {fileID: 1429668139807862}
  m_Enabled: 0
  m_CastShadows: 1
  m_ReceiveShadows: 1
  m_DynamicOccludee: 1
  m_MotionVectors: 1
  m_LightProbeUsage: 1
  m_ReflectionProbeUsage: 1
  m_RayTracingMode: 2
  m_RayTraceProcedural: 0
  m_RenderingLayerMask: 4294967295
  m_RendererPriority: 0
  m_Materials:
  - {fileID: 2100000, guid: 6a5029268f9d5407f85482958f90b471, type: 2}
  - {fileID: 2100000, guid: a7b2c856521aa42b3a7a9025b3d9b889, type: 2}
  m_StaticBatchInfo:
    firstSubMesh: 0
    subMeshCount: 0
  m_StaticBatchRoot: {fileID: 0}
  m_ProbeAnchor: {fileID: 0}
  m_LightProbeVolumeOverride: {fileID: 0}
  m_ScaleInLightmap: 1
  m_ReceiveGI: 1
  m_PreserveUVs: 0
  m_IgnoreNormalsForChartDetection: 0
  m_ImportantGI: 0
  m_StitchLightmapSeams: 0
  m_SelectedEditorRenderState: 3
  m_MinimumChartSize: 4
  m_AutoUVMaxDistance: 0.5
  m_AutoUVMaxAngle: 89
  m_LightmapParameters: {fileID: 0}
  m_SortingLayerID: 0
  m_SortingLayer: 0
  m_SortingOrder: 0
  m_AdditionalVertexStreams: {fileID: 0}
--- !u!114 &114435074028990168
MonoBehaviour:
  m_ObjectHideFlags: 0
  m_CorrespondingSourceObject: {fileID: 0}
  m_PrefabInstance: {fileID: 0}
  m_PrefabAsset: {fileID: 0}
  m_GameObject: {fileID: 1429668139807862}
  m_Enabled: 1
  m_EditorHideFlags: 0
  m_Script: {fileID: 11500000, guid: fdd24dcf048894015b14cde28a8db84b, type: 3}
  m_Name: 
  m_EditorClassIdentifier: 
  unitParsType: {fileID: 0}
  rtsUnitId: 10
  isBuildFinished: 0
  isMovable: 0
  onManualControl: 0
  militaryMode: 0
  wanderingMode: 0
  sqrSearchDistance: 900
  strictApproachMode: 0
  isAttackable: 1
  isDying: 0
  isSinking: 0
  velocityVector: {x: 0, y: 0, z: 0}
  lastPosition: {x: 0, y: 0, z: 0}
  thisNMA: {fileID: 0}
  thisNMO: {fileID: 208290009523636848}
  thisUA: {fileID: 0}
  thisSpawn: {fileID: 0}
  agentPars: {fileID: 0}
  targetUP: {fileID: 0}
  targetPos: {x: 0, y: 0, z: 0}
  attackers: []
  prevR: 0
  failedR: 0
  timeMark: -100
  health: 200
  maxHealth: 1500
  selfHealFactor: 1
  lastDamageTakenTime: -1000
  strength: 20
  defence: 200
  deathCalls: 0
  nation: 0
  nationName: 
  isSelected: 0
  isMovingMC: 0
  prevDist: 0
  failedDist: 0
  manualDestination: {x: 0, y: 0, z: 0}
  guardingPosition: {x: 0, y: 0, z: 0}
  guardResetCount: -1
  rEnclosed: 4
  collectionUnit: {fileID: 0}
  chopTreePhase: -1
  collectionTimeSpend: 0
  resourcePointObject:
    go: {fileID: 0}
    position: {x: 0, y: 0, z: 0}
    resourceType: 0
    resourceAmount: 0
    maxResourceAmount: 0
    terrain: {fileID: 0}
    indexOnTerrain: 0
    tile:
      x: 0
      z: 0
    treeType: 0
    minNeighbourDist: 0
    collectionRtsUnitId: -1
    isAlive: 1
    primaryFire: {fileID: 0}
    fires: []
    linkedUnits: []
  deliveryPointId: -1
  resourceType: -1
  resourceAmount: 0
  collectionOrDeliveryPoint: {fileID: 0}
  unitsGroup:
    members: []
    mode: 0
    formationMode: 0
    journeyMode: 0
  formation:
    units: []
    size: 0
    positions: []
    formationMask: {fileID: 0}
    strictMode: 0
  levelExp: []
  levelValues: 
  totalLevel: 0
  failPath: 0
  remainingPathDistance: 1e+12
  fakePathMode: 0
  fakePathCount: 0
  restoreTruePath: {x: 0, y: 0, z: 0}
  um_staticPosition: {x: 0, y: 0, z: 0}
  um_previousPosition: {x: 0, y: 0, z: 0}
  um_completionMark: 0
  um_complete: 0
  um_stopDistance: 0
  um_animationOnMove: 
  um_animationOnComplete: 
  hasPath: 0
  um_isOnMilitaryAvoiders: 0
  isWandering: 0
  lockForestSpeedChanges: 0
  networkUnique: {fileID: 0}
  primaryFire: {fileID: 0}
  fires: []
  mf: {fileID: 0}
  isRestoring: 0
  isBuildingGrowing: 0
  smokes: []
  meshRenderer: {fileID: 0}
  attackDelayCorPass: 1
  isAttackDelayRunning: 0
  attackDelayStartTime: 0
--- !u!208 &208290009523636848
NavMeshObstacle:
  m_ObjectHideFlags: 0
  m_CorrespondingSourceObject: {fileID: 0}
  m_PrefabInstance: {fileID: 0}
  m_PrefabAsset: {fileID: 0}
  m_GameObject: {fileID: 1429668139807862}
  m_Enabled: 1
  serializedVersion: 3
  m_Shape: 1
  m_Extents: {x: 2.851, y: 10, z: 2.6690001}
  m_MoveThreshold: 0.1
  m_Carve: 1
  m_CarveOnlyStationary: 1
  m_Center: {x: 0, y: 10, z: 0}
  m_TimeToStationary: 0.5
--- !u!114 &114050759457914534
MonoBehaviour:
  m_ObjectHideFlags: 0
  m_CorrespondingSourceObject: {fileID: 0}
  m_PrefabInstance: {fileID: 0}
  m_PrefabAsset: {fileID: 0}
  m_GameObject: {fileID: 1429668139807862}
  m_Enabled: 1
  m_EditorHideFlags: 0
  m_Script: {fileID: 11500000, guid: af8eefc64afbf4e33b43dac392d1f2ad, type: 3}
  m_Name: 
  m_EditorClassIdentifier: 
  rotatingPart: {fileID: 1532959010283836}
  rotationAxis: 1
  flipRotationDirection: 0
  useWind: 0
  allignToWind: 1
--- !u!114 &-5444523395209244359
MonoBehaviour:
  m_ObjectHideFlags: 0
  m_CorrespondingSourceObject: {fileID: 0}
  m_PrefabInstance: {fileID: 0}
  m_PrefabAsset: {fileID: 0}
  m_GameObject: {fileID: 1429668139807862}
  m_Enabled: 1
  m_EditorHideFlags: 0
  m_Script: {fileID: 11500000, guid: f7ff98e0a47d341d0b6c96073fd2721f, type: 3}
  m_Name: 
  m_EditorClassIdentifier: 
  id: 0
  nationName: 
  health: 0
  isBuildFinished: 0
  unitPars: {fileID: 0}
  clientId: -1
  player: {fileID: 0}
  isPlayer: 0
--- !u!114 &-6140569494321764352
MonoBehaviour:
  m_ObjectHideFlags: 0
  m_CorrespondingSourceObject: {fileID: 0}
  m_PrefabInstance: {fileID: 0}
  m_PrefabAsset: {fileID: 0}
  m_GameObject: {fileID: 1429668139807862}
  m_Enabled: 1
  m_EditorHideFlags: 0
  m_Script: {fileID: 11500000, guid: 2cf74ade25a63490f95ad49e90eb6e87, type: 3}
  m_Name: 
  m_EditorClassIdentifier: 
  _posLerpRate: 1
  _rotLerpRate: 1
  _posThresholdLodMin: 0.5
  _posThresholdLodMax: 10
  _rotThresholdLodMin: 3
  _rotThresholdLodMax: 90
  _syncNavMeshAgent: 0
  _navMeshDestinationThreshold: 3
  _posObjectToCameraDistanceMultiplier: 0.02
  _rotObjectToCameraDistanceMultiplier: 0.2
  _posUpdateTime: 1
  _rotUpdateTime: 2
  _animationNameUpdateTime: 4
  _navMeshDestinationUpdateTime: 2
--- !u!1 &1532959010283836
GameObject:
  m_ObjectHideFlags: 0
  m_CorrespondingSourceObject: {fileID: 0}
  m_PrefabInstance: {fileID: 0}
  m_PrefabAsset: {fileID: 0}
  serializedVersion: 6
  m_Component:
  - component: {fileID: 4368656749216364}
  - component: {fileID: 33214108837565388}
  - component: {fileID: 23355386105482734}
  m_Layer: 0
  m_Name: Flag
  m_TagString: Untagged
  m_Icon: {fileID: 0}
  m_NavMeshLayer: 0
  m_StaticEditorFlags: 0
  m_IsActive: 0
--- !u!4 &4368656749216364
Transform:
  m_ObjectHideFlags: 0
  m_CorrespondingSourceObject: {fileID: 0}
  m_PrefabInstance: {fileID: 0}
  m_PrefabAsset: {fileID: 0}
  m_GameObject: {fileID: 1532959010283836}
  m_LocalRotation: {x: 0, y: 0, z: 0, w: 1}
  m_LocalPosition: {x: 0, y: 21.245, z: 0}
  m_LocalScale: {x: 1, y: 1, z: 1}
  m_Children: []
  m_Father: {fileID: 4478224957710902}
  m_RootOrder: 0
  m_LocalEulerAnglesHint: {x: 0, y: 0, z: 0}
--- !u!33 &33214108837565388
MeshFilter:
  m_ObjectHideFlags: 0
  m_CorrespondingSourceObject: {fileID: 0}
  m_PrefabInstance: {fileID: 0}
  m_PrefabAsset: {fileID: 0}
  m_GameObject: {fileID: 1532959010283836}
  m_Mesh: {fileID: 4300000, guid: 355253497d511484290f3202fad1e57b, type: 2}
--- !u!23 &23355386105482734
MeshRenderer:
  m_ObjectHideFlags: 0
  m_CorrespondingSourceObject: {fileID: 0}
  m_PrefabInstance: {fileID: 0}
  m_PrefabAsset: {fileID: 0}
  m_GameObject: {fileID: 1532959010283836}
  m_Enabled: 1
  m_CastShadows: 1
  m_ReceiveShadows: 1
  m_DynamicOccludee: 1
  m_MotionVectors: 1
  m_LightProbeUsage: 1
  m_ReflectionProbeUsage: 1
  m_RayTracingMode: 2
  m_RayTraceProcedural: 0
  m_RenderingLayerMask: 4294967295
  m_RendererPriority: 0
  m_Materials:
  - {fileID: 2100000, guid: ce3f7a41f63a8427a9d692a28f7739f9, type: 2}
  m_StaticBatchInfo:
    firstSubMesh: 0
    subMeshCount: 0
  m_StaticBatchRoot: {fileID: 0}
  m_ProbeAnchor: {fileID: 0}
  m_LightProbeVolumeOverride: {fileID: 0}
  m_ScaleInLightmap: 1
  m_ReceiveGI: 1
  m_PreserveUVs: 0
  m_IgnoreNormalsForChartDetection: 0
  m_ImportantGI: 0
  m_StitchLightmapSeams: 0
  m_SelectedEditorRenderState: 3
  m_MinimumChartSize: 4
  m_AutoUVMaxDistance: 0.5
  m_AutoUVMaxAngle: 89
  m_LightmapParameters: {fileID: 0}
  m_SortingLayerID: 0
  m_SortingLayer: 0
  m_SortingOrder: 0
  m_AdditionalVertexStreams: {fileID: 0}
