%YAML 1.1
%TAG !u! tag:unity3d.com,2011:
--- !u!1 &180688
GameObject:
  m_ObjectHideFlags: 0
  m_CorrespondingSourceObject: {fileID: 0}
  m_PrefabInternal: {fileID: 100100000}
  serializedVersion: 6
  m_Component:
  - component: {fileID: 488820}
  - component: {fileID: 114870820091616060}
  - component: {fileID: 114812070082741186}
  - component: {fileID: 11436020}
  - component: {fileID: 11499944}
  - component: {fileID: 195301793282511138}
  m_Layer: 0
  m_Name: Ballista
  m_TagString: Untagged
  m_Icon: {fileID: 0}
  m_NavMeshLayer: 0
  m_StaticEditorFlags: 0
  m_IsActive: 1
--- !u!4 &488820
Transform:
  m_ObjectHideFlags: 1
  m_CorrespondingSourceObject: {fileID: 0}
  m_PrefabInternal: {fileID: 100100000}
  m_GameObject: {fileID: 180688}
  m_LocalRotation: {x: -0, y: -0, z: -0, w: 1}
  m_LocalPosition: {x: 0, y: 0, z: 0}
  m_LocalScale: {x: 1, y: 1, z: 1}
  m_Children: []
  m_Father: {fileID: 0}
  m_RootOrder: 0
  m_LocalEulerAnglesHint: {x: 0, y: 0, z: 0}
--- !u!114 &11436020
MonoBehaviour:
  m_ObjectHideFlags: 1
  m_CorrespondingSourceObject: {fileID: 0}
  m_PrefabInternal: {fileID: 100100000}
  m_GameObject: {fileID: 180688}
  m_Enabled: 1
  m_EditorHideFlags: 0
  m_Script: {fileID: 11500000, guid: df5b504cf66d545139dc629b2d8f1f7b, type: 3}
  m_Name: 
  m_EditorClassIdentifier: 
  unitAnimationType: {fileID: 0}
  unitAnimationTypeId: 6
  repeatableAnimations: 0
  animName: Idle
  bilboardDistance: 20
  m_castShadows: 1
  m_receiveShadows: 1
  a_phase: 0
  currentUnitAnim:
    animationName: 
    animationSpeed: 1
    scaleWithSpeed: 0
  maxMovementSpeed: 1.5
  prevPos: {x: 0, y: 0, z: 0}
  walkSpeedMultiplier: 1
  nation: -1
  isSpriteEnabled: 1
  pos: {x: 0, y: 0, z: 0}
  rot: {x: 0, y: 0, z: 0, w: 0}
  startTime: 0
  currentAnimationSpeed: 1
  currentAnimationIndex: -1
--- !u!114 &11499944
MonoBehaviour:
  m_ObjectHideFlags: 1
  m_CorrespondingSourceObject: {fileID: 0}
  m_PrefabInternal: {fileID: 100100000}
  m_GameObject: {fileID: 180688}
  m_Enabled: 1
  m_EditorHideFlags: 0
  m_Script: {fileID: 11500000, guid: fdd24dcf048894015b14cde28a8db84b, type: 3}
  m_Name: 
  m_EditorClassIdentifier: 
  unitParsType: {fileID: 0}
  rtsUnitId: 17
  isBuildFinished: 0
  isMovable: 1
  onManualControl: 0
  militaryMode: 0
  wanderingMode: 0
  sqrSearchDistance: 900
  strictApproachMode: 0
  isAttackable: 1
  isDying: 0
  isSinking: 0
  velocityVector: {x: 0, y: 0, z: 0}
  lastPosition: {x: 0, y: 0, z: 0}
  thisNMA: {fileID: 195301793282511138}
  thisNMO: {fileID: 0}
  thisUA: {fileID: 0}
  thisSpawn: {fileID: 0}
  agentPars: {fileID: 0}
  targetUP: {fileID: 0}
  targetPos: {x: 0, y: 0, z: 0}
  attackers: []
  prevR: 0
  failedR: 0
  timeMark: -100
  health: 50
  maxHealth: 50
  selfHealFactor: 0.2
  lastDamageTakenTime: -1000
  strength: 50
  defence: 20
  deathCalls: 0
  nation: 0
  nationName: 
  isSelected: 0
  isMovingMC: 0
  prevDist: 0
  failedDist: 0
  manualDestination: {x: 0, y: 0, z: 0}
  guardingPosition: {x: 0, y: 0, z: 0}
  guardResetCount: -1
  rEnclosed: 3
  collectionUnit: {fileID: 0}
  chopTreePhase: -1
  collectionTimeSpend: 0
  resourcePointObject:
    go: {fileID: 0}
    position: {x: 0, y: 0, z: 0}
    resourceType: 0
    resourceAmount: 0
    maxResourceAmount: 0
    terrain: {fileID: 0}
    indexOnTerrain: 0
    tile:
      x: 0
      z: 0
    treeType: 0
    minNeighbourDist: 0
    collectionRtsUnitId: -1
    isAlive: 1
    primaryFire: {fileID: 0}
    fires: []
    linkedUnits: []
  deliveryPointId: -1
  resourceType: -1
  resourceAmount: 0
  collectionOrDeliveryPoint: {fileID: 0}
  unitsGroup:
    members: []
    mode: 0
    formationMode: 0
    journeyMode: 0
  formation:
    units: []
    size: 0
    positions: []
    formationMask: {fileID: 0}
    strictMode: 0
  levelExp: []
  levelValues: 
  totalLevel: 0
  failPath: 0
  remainingPathDistance: 1e+12
  fakePathMode: 0
  fakePathCount: 0
  restoreTruePath: {x: 0, y: 0, z: 0}
  um_staticPosition: {x: 0, y: 0, z: 0}
  um_previousPosition: {x: 0, y: 0, z: 0}
  um_completionMark: 0
  um_complete: 0
  um_stopDistance: 0
  um_animationOnMove: 
  um_animationOnComplete: 
  hasPath: 0
  um_isOnMilitaryAvoiders: 0
  isWandering: 0
  lockForestSpeedChanges: 0
  networkUnique: {fileID: 0}
  primaryFire: {fileID: 0}
  fires: []
  mf: {fileID: 0}
  isRestoring: 0
  isBuildingGrowing: 0
  smoke: {fileID: 0}
  meshRenderer: {fileID: 0}
  attackDelayCorPass: 1
  isAttackDelayRunning: 0
  attackDelayStartTime: 0
--- !u!1001 &100100000
Prefab:
  m_ObjectHideFlags: 1
  serializedVersion: 2
  m_Modification:
    m_TransformParent: {fileID: 0}
    m_Modifications: []
    m_RemovedComponents: []
  m_SourcePrefab: {fileID: 0}
  m_RootGameObject: {fileID: 180688}
  m_IsPrefabAsset: 1
--- !u!114 &114812070082741186
MonoBehaviour:
  m_ObjectHideFlags: 1
  m_CorrespondingSourceObject: {fileID: 0}
  m_PrefabInternal: {fileID: 100100000}
  m_GameObject: {fileID: 180688}
  m_Enabled: 1
  m_EditorHideFlags: 0
  m_Script: {fileID: 11500000, guid: 41aa8c2449970402f8d14e537f3248a4, type: 3}
  m_Name: 
  m_EditorClassIdentifier: 
  spriteSize: 2
  modelName: Ballista
  offset: {x: 0, y: 0, z: 0}
  castShadows: 1
  idleAnimation:
    animationName: Idle
    animationSpeed: 1
    scaleWithSpeed: 0
  walkAnimation:
    animationName: Walk
    animationSpeed: 3
    scaleWithSpeed: 1
  runAnimation:
    animationName: 
    animationSpeed: 1
    scaleWithSpeed: 0
  attackAnimation:
    animationName: Attack
    animationSpeed: 1
    scaleWithSpeed: 0
  deathAnimation:
    animationName: Idle
    animationSpeed: 1
    scaleWithSpeed: 0
  otherAnimations: []
  maxMovementSpeed: 1.5
--- !u!114 &114870820091616060
MonoBehaviour:
  m_ObjectHideFlags: 1
  m_CorrespondingSourceObject: {fileID: 0}
  m_PrefabInternal: {fileID: 100100000}
  m_GameObject: {fileID: 180688}
  m_Enabled: 1
  m_EditorHideFlags: 0
  m_Script: {fileID: 11500000, guid: 06859283699884b77830a1f6f36f46c4, type: 3}
  m_Name: 
  m_EditorClassIdentifier: 
  buildTime: 15
  isBuilding: 0
  isArcher: 1
  isWizzard: 0
  arrow: {fileID: 1000010279486406, guid: 04c31c31dbcd44372b0af27dbf28f9a9, type: 2}
  arrowOffset: {x: 0, y: 3, z: 0}
  velArrow: 40
  hasBullets: 0
  isWorker: 0
  searchDistance: 30
  maxAttackers: 20
  stopDistOut: 2.5
  critFailedR: 7
  attackWaiter: 7
  attackDelay: 0.2
  damageCoolDownTime: 0.4
  damageCoolDownMin: 1
  damageCoolDownMax: 4
  health: 50
  maxHealth: 50
  selfHealFactor: 0.2
  strength: 50
  defence: 20
  attackSounds: []
  deathSounds: []
  maxDeathCalls: 5
  rEnclosed: 3
  unitCenter: {x: 0, y: 0, z: 0}
  unitSize: 3
  unitName: Ballista
  levelNames:
  - life points
  - attack
  - defence
  - building
  - wood cutting
  - resource collection
  levelExpTimeGain:
  - {x: 0, y: 0.5}
  - {x: 0, y: 0.1}
  - {x: 0, y: 0.1}
  - {x: 0, y: 0.5}
  - {x: 0, y: 0.1}
  - {x: 0, y: 0.1}
  totalLevel: 0
  maxFailPath: 10
  maxFakePathCount: 2
  buildSequenceMeshMode: 0
  buildSequenceMeshes: []
  buildSequencePrefabs: []
  destroySequenceMeshMode: 0
  destroySequenceMeshes: []
  destroySequencePrefabs: []
  smoke: {fileID: 0}
  smokeMinUpdateTime: 3
  smokeMaxUpdateTime: 9
  costs:
  - name: Iron
    amount: 20
  - name: Gold
    amount: 20
  - name: Lumber
    amount: 50
  - name: Population
    amount: 1
  buildSequenceMeshesPath: 
  destroySequenceMeshesPath: 
--- !u!195 &195301793282511138
NavMeshAgent:
  m_ObjectHideFlags: 1
  m_CorrespondingSourceObject: {fileID: 0}
  m_PrefabInternal: {fileID: 100100000}
  m_GameObject: {fileID: 180688}
  m_Enabled: 0
  m_AgentTypeID: 0
  m_Radius: 1.5
  m_Speed: 1.5
  m_Acceleration: 8
  avoidancePriority: 50
  m_AngularSpeed: 120
  m_StoppingDistance: 0
  m_AutoTraverseOffMeshLink: 1
  m_AutoBraking: 1
  m_AutoRepath: 1
  m_Height: 2
  m_BaseOffset: -0.75
  m_WalkableMask: 4294967295
  m_ObstacleAvoidanceType: 4
